<?xml version="1.0" encoding="UTF-8"?><collection xmlns="http://www.loc.gov/MARC21/slim"><record><leader>00484nam--2200181-i-4500</leader><controlfield tag="001">000009182</controlfield><controlfield tag="002">20161230</controlfield><controlfield tag="005">20161230201028</controlfield><controlfield tag="008">060222s1000------------r-----000-0-eng-d</controlfield><datafield ind1=" " ind2=" " tag="040"><subfield code="a">IFIN-HH</subfield></datafield><datafield ind1=" " ind2=" " tag="080"><subfield code="a">539.125.5.164</subfield></datafield><datafield ind1="1" ind2=" " tag="100"><subfield code="a">Boutin, Henri</subfield></datafield><datafield ind1="1" ind2="0" tag="245"><subfield code="a">Molecular spectroscopy with neutrons</subfield><subfield code="c">Henri boutin; sidney yip</subfield></datafield><datafield ind1=" " ind2=" " tag="260"><subfield code="a">LONDON</subfield><subfield code="b">The M.I.T. Press</subfield><subfield code="c">1968</subfield></datafield><datafield ind1=" " ind2=" " tag="300"><subfield code="a">XVII + 226 P</subfield></datafield><datafield ind1="1" ind2=" " tag="700"><subfield code="a">Yip, Sidney</subfield></datafield><datafield ind1=" " ind2=" " tag="852"><subfield code="a">32190</subfield><subfield code="c">535.33</subfield></datafield><datafield ind1=" " ind2=" " tag="CAT"><subfield code="a">Sys</subfield><subfield code="c">20101203</subfield><subfield code="h">124259</subfield></datafield></record></collection>